<record><leader>00000cas a2200000 a 4500</leader><controlfield tag="001">13655388</controlfield><controlfield tag="008">860529d18851923vtudn ne      0    0eng  </controlfield><datafield ind1=" " ind2=" " tag="010"><subfield code="a">sn 86071554 </subfield></datafield><datafield ind1=" " ind2=" " tag="040"><subfield code="a">DLC</subfield><subfield code="b">eng</subfield><subfield code="c">DLC</subfield><subfield code="d">NSD</subfield><subfield code="d">MGN</subfield><subfield code="d">CNK</subfield><subfield code="d">NVN</subfield><subfield code="d">DLC</subfield><subfield code="d">CUI</subfield><subfield code="d">OCLCQ</subfield><subfield code="d">OCLCF</subfield></datafield><datafield ind1="1" ind2=" " tag="029"><subfield code="a">AU@</subfield><subfield code="b">000004644430</subfield></datafield><datafield ind1=" " ind2=" " tag="042"><subfield code="a">pcc</subfield></datafield><datafield ind1=" " ind2=" " tag="043"><subfield code="a">n-us-vt</subfield></datafield><datafield ind1="0" ind2="0" tag="050"><subfield code="a">Newspaper</subfield></datafield><datafield ind1="0" ind2=" " tag="130"><subfield code="a">Burlington daily free press (Burlington, Vt. : 1885)</subfield></datafield><datafield ind1="1" ind2="0" tag="245"><subfield code="a">Burlington daily free press.</subfield></datafield><datafield ind1="1" ind2="3" tag="246"><subfield code="a">Burlington free press</subfield></datafield><datafield ind1="1" ind2="3" tag="246"><subfield code="a">Daily free press</subfield></datafield><datafield ind1="1" ind2="7" tag="246"><subfield code="a">Burlington free press and times</subfield></datafield><datafield ind1=" " ind2=" " tag="260"><subfield code="a">Burlington. Vt. :</subfield><subfield code="b">Free Press Association,</subfield><subfield code="c">1885-1923.</subfield></datafield><datafield ind1=" " ind2=" " tag="300"><subfield code="a">v. :</subfield><subfield code="b">ill.</subfield></datafield><datafield ind1=" " ind2=" " tag="310"><subfield code="a">Daily (except Sunday)</subfield></datafield><datafield ind1="0" ind2=" " tag="362"><subfield code="a">Vol. 40, no. 296 (Dec. 14, 1885)-v. 89, no. 128 (May 29, 1923).</subfield></datafield><datafield ind1=" " ind2=" " tag="530"><subfield code="a">Also issued on microfilm from Graphic Microfilm of New England; Micro Photo Div., Bell &amp; Howell Co.</subfield></datafield><datafield ind1=" " ind2=" " tag="580"><subfield code="a">Weekly ed.: Burlington weekly free press.</subfield></datafield><datafield ind1=" " ind2="0" tag="651"><subfield code="a">Burlington (Vt.)</subfield><subfield code="v">Newspapers.</subfield></datafield><datafield ind1=" " ind2="7" tag="655"><subfield code="a">Newspapers.</subfield><subfield code="2">fast</subfield><subfield code="0">(OCoLC)fst01423814</subfield></datafield><datafield ind1=" " ind2="7" tag="651"><subfield code="a">Vermont</subfield><subfield code="z">Burlington.</subfield><subfield code="2">fast</subfield><subfield code="0">(OCoLC)fst01207603</subfield></datafield><datafield ind1=" " ind2=" " tag="752"><subfield code="a">United States</subfield><subfield code="b">Vermont</subfield><subfield code="c">Chittenden</subfield><subfield code="d">Burlington.</subfield></datafield><datafield ind1="1" ind2=" " tag="775"><subfield code="t">Burlington weekly free press</subfield><subfield code="w">(DLC)sn 86072143</subfield><subfield code="w">(OCoLC)14907707</subfield></datafield><datafield ind1="0" ind2="0" tag="780"><subfield code="t">Burlington free press &amp; times</subfield><subfield code="w">(DLC)sn 95062389</subfield><subfield code="w">(OCoLC)33341940</subfield></datafield><datafield ind1="0" ind2="0" tag="785"><subfield code="t">Burlington free press (Burlington, Vt. : 1923)</subfield><subfield code="x">0894-8844</subfield><subfield code="w">(DLC)sn 83045190</subfield><subfield code="w">(OCoLC)9390458</subfield></datafield></record>